%% This BibTeX bibliography file was created using BibDesk.
%% http://bibdesk.sourceforge.net/


%% Created for Max Benedikt Paulus at 2017-08-01 21:43:17 +0200 


%% Saved with string encoding Unicode (UTF-8) 



@article{DBLP:journals/corr/MnihR16,
	Author = {Andriy Mnih and Danilo Jimenez Rezende},
	Bibsource = {dblp computer science bibliography, http://dblp.org},
	Biburl = {http://dblp.uni-trier.de/rec/bib/journals/corr/MnihR16},
	Date-Added = {2017-08-01 19:43:16 +0000},
	Date-Modified = {2017-08-01 19:43:16 +0000},
	Journal = {CoRR},
	Timestamp = {Wed, 07 Jun 2017 14:41:19 +0200},
	Title = {Variational inference for Monte Carlo objectives},
	Url = {http://arxiv.org/abs/1602.06725},
	Volume = {abs/1602.06725},
	Year = {2016},
	Bdsk-Url-1 = {http://arxiv.org/abs/1602.06725}}

@phdthesis{kulesza2012learning,
	Author = {Alex Kulesza},
	Date-Added = {2017-07-08 13:12:01 +0000},
	Date-Modified = {2017-07-08 13:12:01 +0000},
	School = {University of Pennsylvania},
	Title = {Learning with Determinantal Point Processes},
	Year = {2012}}

@article{Lensemble,
	Adsnote = {Provided by the SAO/NASA Astrophysics Data System},
	Adsurl = {http://adsabs.harvard.edu/abs/2005JSP...121..291B},
	Author = {{Borodin}, A. and {Rains}, E.~M.},
	Date-Added = {2017-07-07 14:59:29 +0000},
	Date-Modified = {2017-07-07 14:59:42 +0000},
	Doi = {10.1007/s10955-005-7583-z},
	Eprint = {math-ph/0409059},
	Journal = {Journal of Statistical Physics},
	Keywords = {Eynard-Mehta theorem, Schur process, determinantal and pfaffian point processes},
	Month = nov,
	Pages = {291-317},
	Title = {{Eynard Mehta Theorem, Schur Process, and their Pfaffian Analogs}},
	Volume = 121,
	Year = 2005,
	Bdsk-Url-1 = {http://dx.doi.org/10.1007/s10955-005-7583-z}}

@article{DBLP:journals/corr/MnihG14,
	Author = {Andriy Mnih and Karol Gregor},
	Bibsource = {dblp computer science bibliography, http://dblp.org},
	Biburl = {http://dblp.uni-trier.de/rec/bib/journals/corr/MnihG14},
	Date-Added = {2017-05-09 10:47:26 +0000},
	Date-Modified = {2017-05-09 10:47:26 +0000},
	Journal = {CoRR},
	Timestamp = {Wed, 05 Mar 2014 14:43:44 +0100},
	Title = {Neural Variational Inference and Learning in Belief Networks},
	Url = {http://arxiv.org/abs/1402.0030},
	Volume = {abs/1402.0030},
	Year = {2014},
	Bdsk-Url-1 = {http://arxiv.org/abs/1402.0030}}

@article{blackboxvar,
	Adsnote = {Provided by the SAO/NASA Astrophysics Data System},
	Adsurl = {http://adsabs.harvard.edu/abs/2014arXiv1401.0118R},
	Archiveprefix = {arXiv},
	Author = {{Ranganath}, R. and {Gerrish}, S. and {Blei}, D.~M.},
	Date-Added = {2017-05-09 10:40:42 +0000},
	Date-Modified = {2017-05-09 10:40:50 +0000},
	Eprint = {1401.0118},
	Journal = {ArXiv e-prints},
	Keywords = {Statistics - Machine Learning, Computer Science - Learning, Statistics - Computation, Statistics - Methodology},
	Month = dec,
	Primaryclass = {stat.ML},
	Title = {{Black Box Variational Inference}},
	Year = 2014}

@article{low-rank-fact,
	Adsnote = {Provided by the SAO/NASA Astrophysics Data System},
	Adsurl = {http://adsabs.harvard.edu/abs/2016arXiv160205436G},
	Archiveprefix = {arXiv},
	Author = {{Gartrell}, M. and {Paquet}, U. and {Koenigstein}, N.},
	Date-Added = {2017-05-08 15:26:32 +0000},
	Date-Modified = {2017-05-08 15:26:39 +0000},
	Eprint = {1602.05436},
	Journal = {ArXiv e-prints},
	Keywords = {Statistics - Machine Learning, Computer Science - Learning},
	Month = feb,
	Primaryclass = {stat.ML},
	Title = {{Low-Rank Factorization of Determinantal Point Processes for Recommendation}},
	Year = 2016}

@inproceedings{REINFORCE,
	Author = {Ronald J. Williams},
	Booktitle = {Machine Learning},
	Date-Added = {2017-04-27 12:40:25 +0000},
	Date-Modified = {2017-04-27 12:41:06 +0000},
	Pages = {229--256},
	Title = {Simple statistical gradient-following algorithms for connectionist reinforcement learning},
	Year = {1992}}

@article{rationalise,
	Author = {Tao Lei and Regina Barzilay and Tommi S. Jaakkola},
	Bibsource = {dblp computer science bibliography, http://dblp.org},
	Biburl = {http://dblp.uni-trier.de/rec/bib/journals/corr/LeiBJ16},
	Date-Added = {2017-04-27 12:15:31 +0000},
	Date-Modified = {2017-04-27 12:15:48 +0000},
	Journal = {CoRR},
	Timestamp = {Fri, 01 Jul 2016 17:39:49 +0200},
	Title = {Rationalizing Neural Predictions},
	Url = {http://arxiv.org/abs/1606.04155},
	Volume = {abs/1606.04155},
	Year = {2016},
	Bdsk-Url-1 = {http://arxiv.org/abs/1606.04155}}

@article{deepsets,
	Adsnote = {Provided by the SAO/NASA Astrophysics Data System},
	Adsurl = {http://adsabs.harvard.edu/abs/2017arXiv170306114Z},
	Archiveprefix = {arXiv},
	Author = {{Zaheer}, M. and {Kottur}, S. and {Ravanbakhsh}, S. and {Poczos}, B. and {Salakhutdinov}, R. and {Smola}, A.},
	Date-Added = {2017-04-27 12:10:16 +0000},
	Date-Modified = {2017-04-27 12:13:59 +0000},
	Eprint = {1703.06114},
	Journal = {ArXiv e-prints},
	Keywords = {Computer Science - Learning, Statistics - Machine Learning},
	Month = mar,
	Primaryclass = {cs.LG},
	Title = {{Deep Sets}},
	Year = 2017}
